<record><leader>00000cas a22000007a 4500</leader><controlfield tag="001">11258468</controlfield><controlfield tag="008">841012c19849999mduwr ne      0   a0eng d</controlfield><datafield ind1=" " ind2=" " tag="010"><subfield code="a">sn 85009511 </subfield></datafield><datafield ind1=" " ind2=" " tag="040"><subfield code="a">NSD</subfield><subfield code="b">eng</subfield><subfield code="c">NSD</subfield><subfield code="d">NST</subfield><subfield code="d">OCL</subfield><subfield code="d">OCLCQ</subfield></datafield><datafield ind1=" " ind2=" " tag="012"><subfield code="i">9004</subfield><subfield code="j">0</subfield><subfield code="l">1</subfield></datafield><datafield ind1="0" ind2=" " tag="022"><subfield code="a">8755-2663</subfield><subfield code="l">8755-2663</subfield><subfield code="2">1</subfield></datafield><datafield ind1=" " ind2=" " tag="037"><subfield code="b">Circulation, U.S. Press, P.O. Box 3275, Silver Spring, MD 20901</subfield></datafield><datafield ind1=" " ind2=" " tag="042"><subfield code="a">nsdp</subfield></datafield><datafield ind1="1" ind2=" " tag="082"><subfield code="a">071</subfield><subfield code="2">11</subfield></datafield><datafield ind1="0" ind2=" " tag="210"><subfield code="a">U.S. press</subfield></datafield><datafield ind1=" " ind2="0" tag="222"><subfield code="a">U.S. press</subfield></datafield><datafield ind1="0" ind2="0" tag="245"><subfield code="a">U.S. press.</subfield></datafield><datafield ind1="3" ind2=" " tag="246"><subfield code="a">United States press</subfield></datafield><datafield ind1="3" ind2="0" tag="246"><subfield code="a">US Press</subfield></datafield><datafield ind1=" " ind2=" " tag="260"><subfield code="a">Silver Spring, MD :</subfield><subfield code="b">[Jim McCotter]</subfield></datafield><datafield ind1=" " ind2=" " tag="300"><subfield code="a">v.</subfield></datafield><datafield ind1=" " ind2=" " tag="310"><subfield code="a">Weekly</subfield></datafield><datafield ind1="1" ind2=" " tag="362"><subfield code="a">Began in 1984?</subfield></datafield><datafield ind1=" " ind2=" " tag="588"><subfield code="a">Description based on: Vol. 1, no. 32 (Oct. 2, 1984).</subfield></datafield><datafield ind1=" " ind2=" " tag="752"><subfield code="a">United States</subfield><subfield code="b">Maryland</subfield><subfield code="c">Montgomery</subfield><subfield code="d">Silver Spring.</subfield></datafield><datafield ind1=" " ind2=" " tag="850"><subfield code="a">KU-S</subfield></datafield><datafield ind1=" " ind2=" " tag="936"><subfield code="a">Oct. 2, 1984</subfield></datafield></record>